@book{liu2007web,
	title={Web data mining: exploring hyperlinks, contents, and usage data},
	author={Liu, Bing},
	year={2007},
	publisher={Springer Science \& Business Media}
}
@book{jackson2007natural,
	title={Natural Language Processing for Online Applications: Text Retrieval, Extraction and Categorization},
	author={Jackson, P. and Moulinier, I.},
	isbn={9789027249920},
	lccn={2007010559},
	series={Natural language processing},
	url={https://books.google.ch/books?id=WzJa1Wpv8UwC},
	year={2007},
	publisher={John Benjamins Pub.}
}

@misc{StormCrawler,
	title = {StormCrawler.net},
	howpublished = {\url{http://http://stormcrawler.net/}},
	note = {Accessed: 08.01.2019},
	year =  {2018}
}
@misc{GithubStormCrawler,
	title = {StormCrawler},
	howpublished = {\url{https://github.com/DigitalPebble/storm-crawler/wiki/}},
	note = {Accessed: 08.01.2019},
	year =  {2018}
}
@misc{ApacheStormDev,
	title = {Playing With Apache Storm On Docker - Like A Boss},
	howpublished = {\url{https://dev.to/usamaashraf/playing-with-apache-storm-on-docker---like-a-boss-4bgb}},
	note = {Accessed: 10.01.2019},
	year =  {2018}
}
@misc{DockerRetHat,
	title = {Was ist Docker?},
	howpublished = {\url{https://www.redhat.com/de/topics/containers/what-is-docker}},
	note = {Accessed: 12.01.2019},
	year =  {2018}
}